<?xml version="1.0" encoding="UTF-8"?><collection xmlns="http://www.loc.gov/MARC21/slim"><record><leader>00543nam--2200133-i-4500</leader><controlfield tag="001">000038362</controlfield><controlfield tag="002">20161230</controlfield><controlfield tag="005">20161230201041</controlfield><controlfield tag="008">060222s1000------------r-----000-0-eng-d</controlfield><datafield ind1=" " ind2=" " tag="080"><subfield code="a">621.039.51.15(043)</subfield></datafield><datafield ind1=" " ind2=" " tag="100"><subfield code="a">Remsak, Stanislav</subfield></datafield><datafield ind1=" " ind2=" " tag="245"><subfield code="a">Theorie des perturbations en mode fondamental appliquee a l`interpretation des experiences neutroniques faisant intervenir de petites quantitee de materiaux dans les milieux  multiplicateurs a neutrons rapides. these</subfield></datafield><datafield ind1=" " ind2=" " tag="260"><subfield code="a">Paris, L`Univ.De Paris-sud Centre D`Orsay, 1975, 275p</subfield></datafield><datafield ind1=" " ind2=" " tag="852"><subfield code="a">44028</subfield></datafield></record></collection>